%
@article{alex_shahab_ifac_2017,
   title     = {{A} {R}obust {C}ontrol {A}pproach for {U}nderwater {V}ehicle {M}anipulator {S}ystems in {I}nteraction with {C}ompliant {E}nvironments},
   author    = {S. Heshmati-alamdari and A. Nikou and D. D. Dimarogonas},
   journal   = {20th World Congress of the International Federation of Automatic Control (IFAC WC), Toulouse, France},
   year      = {2017},
   publisher = {Enselvier}
}
%
@article{alex_med_2017,
   title     = {{A} {N}onlinear {M}odel {P}redictive {C}ontrol {S}cheme for {C}ooperative {M}anipulation with {S}ingularity and {C}ollision {A}voidance},
   author    = {A. Nikou and C. K. Verginis and S. Heshmati-alamdari and D. D. Dimarogonas},
   journal   = {25th IEEE Mediterranean Conference on Control and Automation (MED), Valletta, Malata},
   year      = {2017, (Under Review)},
   publisher = {IEEE}
}
%
@article{alex_sofie_ifac_2017,
   title     = {{C}ontrol {S}ynthesis for {M}ulti-{A}gent {S}ystems under {M}etric {I}nterval {T}emporal {L}ogic {S}pecifications},
   author    = {A. Nikou and S. Andersson and D. D. Dimarogonas},
   journal   = {20th World Congress of the International Federation of Automatic Control (IFAC WC), Toulouse, France},
   year      = {2017},
   publisher = {Enselvier}
}
%
@article{alex_cdc_2017_formation,
   title     = {{O}n the {P}osition and {O}rientation {B}ased {F}ormation {C}ontrol of {M}ultiple {R}igid {B}odies with {C}ollision {A}voidance and {C}onnectivity {M}aintenance},
   author    = {A. Nikou and C. K. Verginis and D. D. Dimarogonas},
   journal   = {56th IEEE Conference on Decision and Control (CDC)},
   year      = {2017, (Under Review)},
   publisher = {IEEE},
}
%
@article{alex_cones_2017_formation,
	title     = {{A}daptive {F}ormation {C}ontrol of {R}igid {B}odies with {C}ollision {A}voidance and {C}onnectivity {M}aintenance},
	author    = {C. K. Verginis, A. Nikou and D. D. Dimarogonas},
	journal   = {IEEE Transactions on Control on Networked Systems (CONES)},
	year      = {2017, (Under Review)},
	publisher = {IEEE},
}
%
@article{alex_probabilistic_ifac_2017,
   title     = {{P}robabilistic {P}lan {S}ynthesis for {C}oupled {M}ulti-{A}gent {S}ystems},
   author    = {A. Nikou and C. Verginis and D. D. Dimarogonas},
   journal   = {20th World Congress of the International Federation of Automatic Control (IFAC WC), Toulouse, France},
   year      = {2017},
   publisher = {Enselvier}
}
%
@article{alex_chris_ppc_formation_ifac,
   title     = {{R}obust {D}istance-{B}ased {F}ormation {C}ontrol of {M}ultiple {R}igid {B}odies with {O}rientation {A}lignment},
   author    = {A. Nikou and C. Verginis and D. D. Dimarogonas},
   journal   = {20th World Congress of the International Federation of Automatic Control (IFAC WC), Toulouse, France},
   year      = {2017},
   publisher = {Enselvier}
}
%
@article{alex_cdc_2017_timed_abstractions,
   title     = {{D}ecentralized {A}bstractions and {T}imed {C}onstrained {P}lanning of a {G}eneral {C}lass of {C}oupled {M}ulti-{A}gent {S}ystems},
   author    = {A. Nikou and S. Heshmati-alamdari and C. K. Verginis and D. D. Dimarogonas},
   journal   = {56th IEEE Conference on Decision and Control (CDC)},
   year      = {2017, (Under Review)},
   publisher = {IEEE},
}
%
@article{alex_automatica_2017,
   title     = {{O}n the {T}imed {T}emporal {L}ogic {P}lanning of {C}oupled {M}ulti-{A}gent {S}ystems},
   author    = {A. Nikou and D. Boskos and J. Tumova and D. D. Dimarogonas},
   journal   = {Automatica},
   year      = {2017, (Under Review)},
   publisher = {Ensalvier},
}
%
@article{alex_acc_2017,
   title     = {{C}ooperative {P}lanning {S}ynthesis for {C}oupled {M}ulti-{A}gent {S}ystems {U}nder {T}imed {T}emporal {S}pecifications},
   author    = {A. Nikou and D. Boskos and J. Tumova and D. D. Dimarogonas},
   journal   = {American Control Conference (ACC), Seattle, WA, USA},
   year      = {2017},
   publisher = {AACC},
}
%
@article{alex_acc_2016,
   title     = {{C}ooperative {T}ask {P}lanning {S}ynthesis for {M}ulti-{A}gent {S}ystems {U}nder {T}imed {T}emporal {S}pecifications},
   author    = {A. Nikou and J. Tumova and D. D. Dimarogonas},
   journal   = {American Control Conference (ACC), Boston, MA, USA},
   year      = {2016},
   publisher = {AACC},
}
%
@article{bouyer_phd,
   title      = {{F}rom {Q}ualitative to {Q}uantitative {A}nalysis of {T}imed {S}ystems},
   author     = {P. Bouyer},
   journal    = {M{\'e}moire D ' habilitation, Universit{\'e} Paris},
   volume     = {7},
   pages      = {135--175},
   year       = {2009}
}
%
@article{mayne_2000_nmpc,
	title     = {{C}onstrained {M}odel {P}redictive {C}ontrol: {S}tability and {O}ptimality},
	author    = {D. Mayne and J. Rawlings and C. Rao and P. Scokaert},
	journal   = {Automatica},
	volume    = {36},
	number    = {6},
	pages     = {789--814},
	year      = {2000},
	publisher = {Elsevier}
}
%
@article{andreasson_2014_smart_building,
	title     = {{D}istributed {C}ontrol of {N}etworked {D}ynamical {S}ystems: {S}tatic {F}eedback, {I}ntegral {A}ction and {C}onsensus},
	author    = {M. Andreasson and D. V. Dimarogonas and H. Sandberg and K. H. Johansson},
	journal   = {IEEE Transactions on Automatic Control},
	volume    = {59},
	number    = {7},
	pages     = {1750--1764},
	year      = {2014},
	publisher = {IEEE}
}
%
@article{alina_ecc_2011,
	title     = {{N}ovel {E}vent-{T}riggered {S}trategies for {M}odel {P}redictive {C}ontrollers},
	author    = {A. Eqtami and D. Dimarogonas and K. Kyriakopoulos},
	journal   = {IEEE Conference on Decision and Control},
	pages     = {3392--3397},
	year      = {2011},
	publisher = {IEEE}
}
%
@article{camacho_2002_input_to_state,
	title     = {{I}nput-to-{S}tate {S}table {MPC} for {C}onstrained {D}iscrete-{T}ime {N}onlinear {S}ystems with {B}ounded {A}dditive {U}ncertainties},
	author    = {D. Marruedo and T. Alamo and E. Camacho},
	journal   = {IEEE Conference on Decision and Control},
	volume    = {4},
	pages     = {4619--4624},
	year      = {2002},
	publisher = {IEEE}
}
%
@article{michalska_1994_barbalat,
	title     = {{N}onlinear {S}tabilization {U}sing {D}iscontinuous {M}oving-{H}orizon {C}ontrol},
	author    = {H. Michalska and R. Vinter},
	journal   = {IMA Journal of Mathematical Control and Information},
	volume    = {11},
	number    = {4},
	pages     = {321--340},
	year      = {1994},
	publisher = {IMA}
}
%
@article{borrelli_2013_nmpc,
	author    = {J. Frasch and A. Gray and M. Zanon and H. Ferreau and S. Sager and F. Borrelli and M. Diehl},
	title     = {{A}n {A}uto-{G}enerated {N}onlinear {MPC} {A}lgorithm for {R}eal-{T}ime {O}bstacle {C}voidance of {G}round {V}ehicles},
	journal   = {European Control Conference (ECC)},
	year      = {2013},
}
%
@article{cannon_2001_nmpc,
	title     = {{N}onlinear {P}redictive {C}ontrol: {T}heory and {P}ractice},
	author    = {B. Kouvaritakis and M. Cannon},
	journal   = {IET},
	year      = {2001},
}
%
@article{camacho_2007_nmpc,
	title     = {{N}onlinear {M}odel {P}redictive {C}ontrol: {A}n {I}ntroductory {R}eview},
	author    = {E. Camacho and C. Bordons},
	journal   = {Assessment and future directions of nonlinear model predictive control},
	pages     = {1--16},
	year      = {2007},
	publisher = {Springer Berlin Heidelberg}
}
%
@article{grune_2011_nonlinear_mpc,
	title     = {{N}onlinear {M}odel {P}redictive {C}ontrol},
	author    = {L. Gr{\"u}ne and J. Pannek},
	journal   = {Springer London},
	year      = {2011},
}
%
@article{morrari_npmpc,
	author    = {K. S. de Oliveira and M. Morari},
	journal   = {IEEE Transactions on Automatic Control},
	title     = {{C}ontractive {M}odel {P}redictive {C}ontrol for {C}onstrained {N}onlinear {S}ystems},
	year      = {2000},
	volume    = {45},
	number    = {6},
	pages     = {1053-1071},
}
%
%
@article{fontes_2007_modified_barbalat,
	title     = {{S}ampled-{D}ata {M}odel {P}redictive {C}ontrol for {N}onlinear {T}ime-{V}arying {S}ystems: {S}tability and {R}obustness},
	author    = {F. Fontes and L. Magni and {\'E}va Gyurkovics},
	journal   = {Assessment and Future Directions of Nonlinear Model Predictive Control},
	pages     = {115--129},
	year      = {2007},
	publisher = {Springer}
}
%
@article{fontes_2001_nmpc_stability,
	title     = {{A} {G}eneral {F}ramework to {D}esign {S}tabilizing {N}onlinear {M}odel {P}redictive {C}ontrollers},
	author    = {F. Fontes},
	journal   = {Systems and Control Letters},
	volume    = {42},
	number    = {2},
	pages     = {127--143},
	year      = {2001},
	publisher = {Elsevier}
}
%
@article{frank_2003_towards_sampled-data-nmpc,
	title     = {{T}owards a {S}ampled-{D}ata {T}heory for {N}onlinear {M}odel {P}redictive {C}ontrol},
	author    = {R. Findeisen and L. Imsland and F. Allg{\"o}wer and B. Foss},
	journal   = {New Trends in Nonlinear Dynamics and Control and their Applications},
	pages     = {295--311},
	year      = {2003},
	publisher = {Springer}
}
%
@article{frank_1998_quasi_infinite,
	title     = {{A} {Q}uasi-{I}nfinite {H}orizon {N}onlinear {M}odel {P}redictive {C}ontrol {S}cheme with {G}uaranteed {S}tability},
	author    = {H. Chen and F. Allg{\"o}wer},
	journal   = {Automatica},
	volume    = {34},
	number    = {10},
	pages     = {1205--1217},
	year      = {1998},
	publisher = {Elsevier}
}
%
@article{frank_2003_nmpc_bible,
	title     = {{S}tate and {O}utput {F}eedback {N}onlinear {M}odel {P}redictive {C}ontrol: {A}n {O}verview},
	author    = {Findeisen, Rolf and Imsland, Lars and Allgower, Frank and Foss, Bjarne A},
	journal   = {European Journal of Control},
	volume    = {9},
	number    = {2-3},
	pages     = {190--206},
	year      = {2003},
	publisher = {Elsevier}
}
%
@article{sontag_2008_ISS,
	title     = {{I}nput to {S}tate {S}tability: {B}asic {C}oncepts and {R}esults},
	author    = {E. Sontag},
	journal   = {Nonlinear and Optimal Control Theory},
	pages     = {163--220},
	year      = {2008},
	publisher = {Springer}
}
%
@article{sontag_1995_ISS_proofs,
	title     = {{O}n {C}haracterizations of the {I}nput-to-{S}tate {S}tability {P}roperty},
	author    = {E. Sontag},
	journal   = {Systems and Control Letters},
	volume    = {24},
	number    = {5},
	pages     = {351--359},
	year      = {1995},
	publisher = {Elsevier}
}
%
@article{belta_2015_mdp_ltl_ijrr,
   title        = {{T}emporal {L}ogic {M}otion {C}ontrol {U}sing {A}ctor--{C}ritic {M}ethods},
   author       = {J. Wang and X. Ding and M. Lahijanian and I. Paschalidis and C. Belta, Calin A},
   journal      = {The International Journal of Robotics Research},
   year         = {2015},
   publisher    = {SAGE Publications}
}
%
@article{belta_ifac_2011_undertain_environment,
   title        = {{LTL} {C}ontrol in {U}ncertain {E}nvironments with {P}robabilistic {S}atisfaction {G}uarantees},
   author       = {X. Ding and S. Smith and C. Belta and D. Rus},
   journal      = {18th World Congress of the International Federation of Automatic Control (IFAC WC)},
   year         = {2011},
   publisher    = {Elsevier}
}
%
@article{topcu_2015_mdp_ltl,
   title        = {Optimal control in Markov decision processes via distributed optimization},
   author       = {J. Fu and S. Han and U. Topcu},
   journal      = {55th IEEE Conference on Decision and Control (CDC)},
   year         = {2015},
   organization = {IEEE}
}
%
@article{murray_2012_mdp_ltl,
   title        = {{R}obust {C}ontrol of {U}ncertain {M}arkov {D}ecision {P}rocesses with {T}emporal {L}ogic {S}pecifications},
   author       = {E. Wolff and U. Topcu and R. Murray},
   journal      = {51st IEEE Conference on Decision and Control (CDC)},
   year         = {2012},
   organization = {IEEE}
}
%
@article{belta_2011_mdp_ltl_tac,
   title        = {{O}ptimal {C}ontrol of {M}arkov {D}ecision {P}rocesses {W}ith {L}inear {T}emporal {L}ogic {C}onstraints},
   author       = {X. Ding and S. Smith and C. Belta and D. Rus},
   journal      = {IEEE Transactions on Automatic Control (TAC)},   
   year         = {2014},
}
%
@article{belta_2011_modp,
   title        = {{T}emporal {L}ogic {C}ontrol in {D}ynamic {E}nvironments with {P}robabilistic {S}atisfaction {G}uarantees},
   author       = {A. Ayala and S. Andersson and C. Belta},
   journal      = {IEEE/RSJ International Conference on Intelligent Robots and Systems (IROS)},
   year         = {2011},
   organization = {IEEE}
}
%
@article{belta_2012_tro_pctlalgorithms,
   title        = {{T}emporal {L}ogic {M}otion {P}lanning and {C}ontrol with {P}robabilistic {S}atisfaction {G}uarantees},
   author       = {M. Lahijanian and S. Andersson and C. Belta},
   journal      = {IEEE Transactions on Robotics (TRO)},
   year         = {2012},
   publisher    = {IEEE}
}
%
@article{lin_2015_counterexample_multi,
   title        = {{C}ounterexample-{G}uided {D}istributed {P}ermissive {S}upervisor {S}ynthesis for {P}robabilistic {M}ulti-{A}gent {S}ystems {T}hrough {L}earning},
   author       = {B. Wu and H. Lin},
   journal      = {American Control Conference (ACC)},
   year         = {2016},
   organization = {American Automatic Control Council (AACC)}
}
%
@article{lin_2015_counterexample_single,
   title        = {{C}ounterexample-{G}uided {P}ermissive {S}upervisor {S}ynthesis for {P}robabilistic {S}ystems {T}hrough {L}earning},
   author       = {B. Wu and H. Lin},
   journal      = {American Control Conference (ACC)},
   year         = {2015},
   organization = {IEEE}
}
%
@article{marta_2007_stochastic,
   title        = {{S}tochastic {M}odel {C}hecking},
   author       = {M. Kwiatkowska and G. Norman and D. Parker},
   journal      = {International School on Formal Methods for the Design of Computer, Communication and Software Systems},
   year         = {2007},
   organization = {Springer}
}
%
@article{clarke_1981_CTL,
   title        = {Design and synthesis of synchronization skeletons using branching time temporal logic},
   author       = {E. Clarke and E. Emerson},
   journal      = {Workshop on Logic of Programs},
   year         = {1981},
   organization = {Springer}
}
%
@article{marta_2004_book,
   title        = {{M}athematical {T}echniques for {A}nalyzing {C}oncurrent and {P}robabilistic systems},
   author       = {J. Rutten and M. Kwiatkowska and G. Norman and D. Parker},
   year         = {2004},
   journal      = {American Mathematical Society}
}
%
@article{marta_paper_2_2011,
   title        = {{A}utomated {V}erification {T}echniques for {P}robabilistic {S}ystems},
   author       = {V. Forejt and M. Kwiatkowska and G. Norman and D. Parker},
   journal      = {Formal Methods for Eternal Networked Software Systems},
   year         = {2011},
   publisher    = {Springer}
}
%
@article{hansson_1994_pctl,
   title        = {{A} {L}ogic for {R}easoning about {T}ime and {R}eliability},
   author       = {H. Hansson and B. Jonsson},
   journal      = {Formal Aspects of Computing},
   year         = {1994},
   publisher    = {Springer}
}
%
@article{alvaro_1995_probabilistic_model_checking,
   title        = {{M}odel {C}hecking of {P}robabilistic and {N}ondeterministic {S}ystems},
   author       = {A. Bianco and L. Alfaro},
   journal      = {International Conference on Foundations of Software Technology and Theoretical Computer Science},
   year         = {1995},
   organization = {Springer Berlin Heidelberg}
}
%
@article{zavlanos_2016_multi-agent_LTL,
   title        = {{A} {D}istributed {LTL}-{B}ased {A}pproach for {I}ntermittent {C}ommunication in {M}obile {R}obot {N}etworks},
   author       = {Y. Kantaros and M. Zavlanos},
   journal      = {American Control Conference (ACC)},
   year         = {2016},
   organization = {American Automatic Control Council (AACC)},
}
%
@article{liu_2016_mdp_mitl,
   title        = {{S}ampling-{B}ased {S}tochastic {O}ptimal {C}ontrol with metric interval temporal logic specifications},
   author       = {F. Montana and J. Liu and T. Dodd},
   journal      = {2016 IEEE Conference on Control Applications (CCA)},
   year         = {2016},
   organization = {IEEE}
}
%
@article{ren_beard_concensus,
   title     = {{C}onsensus {S}eeking in {M}ulti-Agent {S}ystems under {D}ynamically {C}hanging {I}nteraction {T}opologies},
   author    = {W. Ren and R. Beard},
   journal   = {IEEE Transactions on Automatic Control (TAC)},
   volume    = {50},
   number    = {5},
   pages     = {655--661},
   year      = {2005}
}
%
@article{sepulchre_2008_symmeetric_formation,
   title     = {{S}tabilization of {S}ymmetric {F}ormations to {M}otion {A}round {C}onvex {L}oops},
   author    = {D. Paley and N. Leonard and R. Sepulchre},
   journal   = {Systems and Control Letters},
   volume    = {57},
   number    = {3},
   pages     = {209--215},
   year      = {2008},
   publisher = {Elsevier}
}
%
@article{valavanis_2009_swarm_formation,
   title     = {Swarm formation {C}ontrol {U}tilizing {E}lliptical {S}urfaces and {L}imiting {F}unctions},
   author    = {L. Barnes and M. Fields and K. Valavanis},
   journal   = {IEEE Transactions on Systems, Mechatronics and Cybernetics},
   volume    = {39},
   number    = {6},
   pages     = {1434--1445},
   year      = {2009},
   publisher = {IEEE}
}
%
@article{do_2007_formation,
   title     = {{B}ounded {C}ontrollers {F}or {F}ormation {S}tabilization of {M}obile {A}gents {W}ith {L}imited {S}ensing {R}anges},
   author    = {K. Do},
   journal   = {IEEE Transactions on Automatic Control (TAC)},
   volume    = {52},
   number    = {3},
   pages     = {569--576},
   year      = {2007},
   publisher = {IEEE}
}
%
@article{lin_jia_2010_rotating_formation,
   title     = {{D}istributed {R}otating {F}ormation {C}ontrol of {M}ulti-{A}gent {S}ystems},
   author    = {P. Lin and Y. Jia},
   journal   = {Systems and Control Letters},
   volume    = {59},
   number    = {10},
   pages     = {587--595},
   year      = {2010},
   publisher = {Elsevier}
}
%
@article{magnus_2007_connectivity,
  title     = {{D}istributed {C}oordination {C}ontrol of {M}ulti-{A}gent {S}ystems {W}hile {P}reserving {C}onnectedness},
  author    = {M. Ji and M. Egerstedt},
  journal   = {IEEE Transactions on Robotics (TRO)},
  volume    = {23},
  number    = {4},
  pages     = {693--703},
  year      = {2007},
  publisher = {IEEE}
}
%
@article{fax_murray_2004,
   title     = {{I}nformation {F}low and {C}ooperative {C}ontrol of {V}ehicle {F}ormations},
   author    = {L. A. Fax and R. Murray},
   journal   = {IEEE Transactions on Automatic Control (TAC)},
   volume    = {49},
   number    = {9},
   pages     = {1465--1476},
   year      = {2004},
   publisher = {IEEE}
}
%
@article{fax_murray_2002,
   title     = {{G}raph {L}aplacians and {S}tabilization of {V}ehicle {F}ormations},
   author    = {J. A. Fax and R. Murray},
   journal   = {15th World Congress of the International Federation of Automatic Control (IFAC WC)},
   volume    = {35},
   number    = {1},
   pages     = {55--60},
   year      = {2002},
   publisher = {Elsevier}
}
%
@article{ren_beard_2004_formation_spacecraft,
  title      = {{F}ormation {F}eedback {C}ontrol {F}or {M}ultiple {S}pacecraft via {V}irtual {S}tructures},
  author     = {W. Ren and R. Beard},
  journal    = {IEE Proceedings-Control Theory and Applications},
  volume     = {151},
  number     = {3},
  pages      = {357--368},
  year       = {2004},
  publisher  = {IET}
}
%
@article{beard_2001_coordination,
   title     = {{A} {C}oordination {A}rchitecture {F}or {S}pacecraft {F}ormation {C}ontrol},
   author    = {R. Beard and J. Lawton and F. Hadaegh},
   journal   = {IEEE Transactions on Control Systems Technology (TCST)},
   volume    = {9},
   number    = {6},
   pages     = {777--790},
   year      = {2001},
   publisher = {IEEE}
}
%
@article{nihmeijer_2009_formation,
   title     = {{F}ormation {C}ontrol of {U}nicycle {M}obile {R}obots: {A} {V}irtual {C}tructure {A}pproach},
   author    = {T. Van den Broek and N. van de Wouw and H. Nijmeijer},
   journal   = {48th IEEE Conference on Decision and Control (CDC)},
   pages     = {8328--8333},
   year      = {2009},
   publisher = {IEEE}
}
%
@article{dong_farrell_2008_cooperative,
  title      = {{C}ooperative {C}ontrol of {M}ultiple {N}onholonomic {M}obile {A}gents},
  author     = {W. Dong and J. Farrell},
  journal    = {IEEE Transactions on Automatic Control (TAC)},
  volume     = {53},
  number     = {6},
  pages      = {1434--1448},
  year       = {2008},
  publisher  = {IEEE}
}
%
@article{ren_atkins_2007,
   title     = {{D}istributed {M}ulti-{V}ehicle {C}oordinated {C}ontrol via {L}ocal {I}nformation {E}xchange},
   author    = {W. Ren and E. Atkins},
   journal   = {International Journal of Robust and Nonlinear Control (IJRNC)},
   volume    = {17},
   number    = {10-11},
   pages     = {1002--1033},
   year      = {2007},
   publisher = {Wiley Online Library}
}
%
@article{dimos2005_nf_2nd_order,
   title     = {{D}ecentralized {M}otion {C}ontrol of {M}ultiple {A}gents with {D}ouble {I}ntegrator {D}ynamics},
   author    = {D. D. Dimarogonas and K. J. Kyriakopoulos},
   journal   = {16th World Congress of the International Federation of Automatic Control (IFAC WC)},
   volume    = {38},
   number    = {1},
   pages     = {185--190},
   year      = {2005},
   publisher = {Elsevier}
}
%
@article{dimos_2006_automatica_nf,
   title     = {{A} {F}eedback {S}tabilization and {C}ollision {A}voidance {S}cheme for {M}ultiple {I}ndependent {N}on-{P}oint {A}gents},
   author    = {D. Dimarogonas and S. Loizou and K. Kyriakopoulos and M. Zavlanos},
   journal   = {Automatica},
   volume    = {42},
   number    = {2},
   pages     = {229--243},
   year      = {2006},
   publisher = {Elsevier}
}
%
@article{tanner_2005_formation_nf,
   title     = {{F}ormation {S}tabilization of {M}ultiple {A}gents {U}sing {D}ecentralized {N}avigation {F}unctions.},
   author    = {H. Tanner and A. Kumar},
   journal   = {Robotics: Science and Systems},
   volume    = {1},
   pages     = {49--56},
   year      = {2005},
   publisher = {Boston}
}
%
@article{jadbabaie_nf_formation,
   title     = {{F}ormation {C}ontrol for a {C}ooperative {M}ulti-{A}gent {S}ystem using {D}ecentralized {N}avigation {F}unctions},
   author    = {M. Gennaro and A. Jadbabaie},
   journal   = {American Control Conference (ACC)},
   pages     = {6--pp},
   year      = {2006},
   publisher = {IEEE}
}
%
@article{dixon_2014_col_avoid_nf,
   title     = {{D}ecentralized {F}ormation {C}ontrol with {C}onnectivity {M}aintenance and {C}ollision {A}voidance under {L}imited and {I}ntermittent {S}ensing},
   author    = {T. H. Cheng and Z. Kan and J. A. Rosenfeld and W. E. Dixon},
   journal   = {American Control Conference (ACC)},
   pages     = {3201--3206},
   year      = {2014},
   publisher = {IEEE}
}
%
@article{dixon_2010_connectivity_NF,
   title     = {{E}nsuring {N}etwork {C}onnectivity {D}uring {F}ormation {C}ontrol {U}sing a {D}ecentralized {N}avigation {F}unction},
   author    = {Z. Kan and A. Dani and J. Shea and W. Dixon},
   journal   = {Military Communications Conference},
   pages     = {531--536},
   year      = {2010},
   publisher = {IEEE}
}
%
@article{koditschek1992robot,
   title     = {{E}xact {R}obot {N}avigation {U}sing {A}rtificial {P}otential {F}unctions},
   author    = {E. Rimon and D. Koditschek},
   journal   = {IEEE Transactions on Robotics and Automation (TRA)},
   volume    = {8},
   number    = {5},
   pages     = {501--518},
   year      = {1992},
   publisher = {IEEE}
}
%
@article{koditschek1990robot,
   title     = {{R}obot {N}avigation {F}unctions on {M}anifolds with {B}oundary},
   author    = {D. Koditschek and E. Rimon},
   journal   = {Advances in Applied Mathematics},
   volume    = {11},
   number    = {4}, 
   pages     = {412--442},
   year      = {1990},
   publisher = {Elsevier}
}
%
@article{eren_2012_bearing_formation,
   title     = {{F}ormation {S}hape {C}ontrol {B}ased on {B}earing {R}igidity},
   author    = {Eren, Tolga},
   journal   = {International Journal of Control (IJC)},
   volume    = {85},
   number    = {9},
   pages     = {1361--1379},
   year      = {2012},
   publisher = {Taylor and Francis}
}
%
@article{zhao2016bearing,
   title     = {{B}earing {R}igidity and {A}lmost {G}lobal {B}earing-{O}nly {F}ormation {S}tabilization},
   author    = {S. Zhao and D. Zelazo},
   journal   = {IEEE Transactions on Automatic Control (TAC)},
   volume    = {61},
   number    = {5},
   pages     = {1255--1268},
   year      = {2016},
   publisher = {IEEE}
}
%
@article{fathian2016globally,
   title        = {{G}lobally {A}symptotically {S}table {D}istributed {C}ontrol for {D}istance and {B}earing {B}ased {M}ulti-{A}gent {F}ormations},
   author       = {K. Fathian and D. Rachinskii and M. Spong and N. Gans},
   journal      = {American Control Conference (ACC)},
   pages        = {4642--4648},
   year         = {2016},
   organization = {American Automatic Control Council (AACC)}
}
%
@article{bishop_2015_distributed,
   title        = {{D}istributed {F}ormation {C}ontrol with {R}elaxed {M}otion {R}equirements},
   author       = {A. Bishop and M. Deghat and B. Anderson and Y. Hong},
   journal      = {International Journal of Robust and Nonlinear Control (IJRNC)},
   volume       = {25},
   number       = {17},
   pages        = {3210--3230},
   year         = {2015},
   publisher    = {Wiley Online Library}
}
%
@article{bishop2011stabilization,
   title        = {{S}tabilization of {R}igid {F}ormations with {D}irection-{O}nly {C}onstraints},
   author       = {A. Bishop and I. Shames and B. Anderson},
   journal      = {50th IEEE Conference on Decision and Control (CDC)},
   pages        = {746--752},
   year         = {2011},
   organization = {IEEE}
}
%
@article{oh_ahn_2014_angle_based_formation,
   title        = {{A}ngle-{B}ased {C}ontrol of {D}irected {A}cyclic {F}ormations with {T}hree-{L}eaders},
   author       = {M. Trinh and K. Oh and H. Ahn},
   journal      = {2014 International Conference on Mechatronics and Control (ICMC)},
   pages        = {2268--2271},
   year         = {2014}
}
%
@article{bishop_2012_mix_formation_control,
   title        = {{C}ontrol of {T}riangle {F}ormations with a {M}ix of {A}ngle and {D}istance {C}onstraints},
   author       = {A. Bishop and T. Summers and B. Anderson},
   journal      = {2012 IEEE International Conference on Control Applications (CCA)},
   pages        = {825--830},
   year         = {2012},
   organization = {IEEE}
}
%
@article{basiri_2010_angle_formation,
   title     = {{D}istributed {C}ontrol of {T}riangular {F}ormations with {A}ngle-{O}nly {C}onstraints},
   author    = {M. Basiri and A. Bishop and P. Jensfelt},
   journal   = {Systems and Control Letters},
   volume    = {59},
   number    = {2},
   pages     = {147--154},
   year      = {2010},
   publisher = {Elsevier}
}
%
@article{karayiannidis_consensus_ppc_2012,
   title        = {{M}ulti-{A}gent {A}verage {C}onsensus {C}ontrol with {P}rescribed {P}erformance {G}uarantees},
   author       = {Y. Karayiannidis and D. Dimarogonas and D. Kragic},
   journal      = {51st IEEE Conference on Decision and Control (CDC)},
   pages        = {2219--2225},
   year         = {2012},
   organization = {IEEE}
}
%
@article{horn_jonshon,
   title     = {{M}atrix {A}nalysis},
   author    = {R. Horn and C. Johnson},
   journal   = {Cambridge university press},
      year   = {2012},
}
%
@article{mesbahi_2010_graph_theory,
   title   = {{G}raph {T}heoretic {M}ethods in {M}ultiagent {N}etworks},
   author  = {M. Mesbahi and M. Egerstedt},
   journal = {Princeton University Press},
   year    = {2010},
}
%
@article{oh_park_ahn_2015,
   title     = {{A} {S}urvey of {M}ulti-{A}gent {F}ormation {C}ontrol},
   author    = {K. Oh and M. Park and H. Ahn},
   journal   = {Automatica},
   volume    = {53},
   pages     = {424--440},
   year      = {2015},
   publisher = {Elsevier}
}
%
@article{Siciliano2009,
   title     = {{R}obotics : {M}odelling, {P}lanning and {C}ontrol},
   author    = {B. Siciliano and L. Sciavicco and L. Villani},
   journal   = {Springer},
   year      = {2009}
}
%
@article{dimos_kalle_2008,
   title        = {{O}n the {S}tability of {D}istance-{B}ased {F}ormation {C}ontrol},
   author       = {D. Dimarogonas and K. Johansson},
   journal    = {47th IEEE Conference on Decision and Control (CDC)},
   pages        = {1200--1205},
   year         = {2008},
   organization = {IEEE}
}
%
@article{olfati_murray_concensus,
   title     = {{C}onsensus {P}roblems in {N}etworks of {A}gents with {S}witching {T}opology and {T}ime-{D}elays},
   author    = {R. Olfati-Saber and R. Murray},
   journal   = {IEEE Transactions on Automatic Control (TAC)},
   volume    = {49},
   number    = {9},
   pages     = {1520--1533},
   year      = {2004},
   publisher = {IEEE}
}
%
@article{jadbabaie_morse_coordination,
   title     = {{C}oordination of {G}roups of {M}obile {A}utonomous {A}gents {U}sing {N}earest {N}eighbor {R}ules},
   author    = {A. Jadbabaie and J. Lin and S. Morse},
   journal   = {IEEE Transactions on Automatic Control (TAC)},
   volume    = {48},
   number    = {6},
   pages     = {988--1001},
   year      = {2003},
   publisher = {IEEE}
}
%
@article{shi2013robust,
   title     = {{R}obust {C}onsensus for {C}ontinuous-{T}ime {M}ulti-{A}gent {D}ynamics},
   author    = {G. Shi and K. Johansson},
   journal   = {SIAM Journal on Control and Optimization},
   volume    = {51},
   number    = {5},
   pages     = {3673--3691},
   year      = {2013},
   publisher = {SIAM}
}
%
@article{tanner_flocking,
   title     = {{F}locking in {F}ixed and {S}witching {N}etworks},
   author    = {H. Tanner and A. Jadbabaie and G. Pappas},
   journal   = {IEEE Transactions on Automatic Control (TAC)},
   volume    = {52},
   number    = {5},
   pages     = {863--868},
   year      = {2007},
   publisher = {IEEE}
}
%
@article{egerstedt_formation,
   title     = {{F}ormation {C}onstrained {M}ulti-{A}gent {C}ontrol},
   author    = {M. Egerstedt and X. Hu},
   journal   = {IEEE Transactions on Robotics and Automation (TRA)},
   volume    = {17},
   number    = {6},
   pages     = {947-951},
   year      = {2001},
   publisher = {IEEE}
}
%
@article{zavlanos_2008_distributed,
   title     = {{D}istributed {C}onnectivity {C}ontrol of {M}obile {N}etworks},
   author    = {M. Zavlanos and G. Pappas},
   journal   = {IEEE Transactions on Robotics (TRO)},
   volume    = {24},
   number    = {6},
   pages     = {1416--1428},
   year      = {2008},
   publisher = {IEEE}
}
%
@article{krick_broucke_francis_2009,
   title     = {{S}tabilisation of {I}nfinitesimally {R}igid {F}ormations of {M}ulti-{R}obot {N}etworks},
   author    = {L. Krick and M. Broucke and B. Francis},
   journal   = {International Journal of Control (IJC)},
   volume    = {82},
   number    = {3},
   pages     = {423--439},
   year      = {2009},
   publisher = {Taylor and Francis}
}
%
@article{dorfler_francis_2009,
   title        = {Formation {C}ontrol of {A}utonomous {R}obots {B}ased on {C}ooperative {B}ehavior},
   author       = {F. Dorfler and B. Francis},
   journal      = {European Control Conference (ECC)},
   pages        = {2432--2437},
   year         = {2009},
   organization = {IEEE}
}
%
@article{dorfler_francis_2010,
   title     = {{G}eometric {A}nalysis of the {F}ormation {P}roblem for {A}utonomous {R}obots},
   author    = {F. Dorfler and B. Francis},
   journal   = {IEEE Transactions on Automatic Control (TAC)},
   volume    = {55},
   number    = {10},
   pages     = {2379--2384},
   year      = {2010},
   publisher = {IEEE}
}
%
@article{oh_ahn_2011a,
   title        = {{D}istance-{B}ased {C}ontrol of {C}ycle-{F}ree {P}ersistent {F}ormations},
   author       = {K. Oh and H. Ahn},
   journal      = {2011 IEEE International Symposium on Intelligent Control},
   pages        = {816--821},
   year         = {2011},
   organization = {IEEE}
}
%
@article{oh_ahn_2011b,
   title        = {{D}istance-{B}ased {F}ormation {C}ontrol using {E}uclidean {D}istance {D}ynamics {M}atrix: {G}eneral {C}ases},
   author       = {K. Oh and H. Ahn},
   journal      = {American control conference (ACC)},
   pages        = {4816--4821},
   year         = {2011},
   organization = {IEEE}
}
%
@article{oh_ahn_2011e,
   title     = {{F}ormation {C}ontrol of {M}obile {A}gents {B}ased on {I}nter-{A}gent {D}istance {D}ynamics},
   author    = {K. Oh and H. Ahn},
   journal   = {Automatica},
   volume    = {47},
   number    = {10},
   pages     = {2306--2312},
   year      = {2011},
   publisher = {Elsevier}
}
%
@article{oh_ahn_2014a,
   title     = {{D}istance-{B}ased {U}ndirected {F}ormations of {S}ingle-{I}ntegrator and {D}ouble-{I}ntegrator {M}odeled {A}gents in n-{D}imensional {S}pace},
   author    = {K. Oh and H. Ahn},
   journal   = {International Journal of Robust and Nonlinear Control (IJRNC)},
   volume    = {24},
   number    = {12},
   pages     = {1809--1820},
   year      = {2014},
   publisher = {Wiley Online Library}
}
%
@article{cao_anderson_morse_yu_2008,
   title        = {{C}ontrol of {A}cyclic {F}ormations of {M}obile {A}utonomous {A}gents},
   author       = {M. Cao and B. Anderson and S. Morse and C. Yu},
   journal      = {47th IEEE Conference on Decision and Control (CDC)},
   pages        = {1187--1192},
   year         = {2008},
   organization = {IEEE}
}
%
@article{cao_yu_morse_anderson_dagsputa_2008,
   title        = {{G}eneralized {C}ontroller for {D}irected {T}riangle {F}ormations},
   author       = {M. Cao and C. Yu and S. Morse and B. Anderson and S. Dasgupta},
   journal      = {IFAC Proceedings Volumes},
   volume       = {41},
   number       = {2},
   pages        = {6590--6595},
   year         = {2008},
   publisher    = {Elsevier}
}
%
@article{cao_morse_yu_anderson_dagsputa_2007,
   title        = {Controlling a triangular formation of mobile autonomous agents},
   author       = {M. Cao and S. Morse and C. Yu and B. Anderson and S. Dasguvta},
   journal      = {46th IEEE Conference on Decision and Control, CDC 2007.},
   pages        = {3603--3608},
   year         = {2007},
   organization = {IEEE}
}
%
@article{cao_morse_yu_anderson_dagsputa_2011,
   title     = {{M}aintaining a {D}irected, {T}riangular {F}ormation of {M}obile {A}utonomous {A}gents},
   author    = {M. Cao and S. Morse and C. Yu and B. Anderson and S. Dasgupta},
   journal   = {Communications in Information and Systems},
   volume    = {11},
   number    = {1},
   pages     = {1},
   year      = {2011},
   publisher = {Citeseer}
}
%
@article{anderson_yu_dagsputa_summers_2010,
   title     = {Controlling four agent formations},
   author    = {B. Anderson and C. Yu and S. Dasgupta and T. Summers},
   journal   = {IFAC Proceedings Volumes},
   volume    = {43},
   number    = {19},
   pages     = {139--144},
   year      = {2010},
   publisher = {Elsevier}
}
%
@article{dasgupta_anderson_yu_summers_2011,
   title        = {{C}ontrolling {R}ectangular {F}ormations},
   author       = {S. Dasgupta and B. Anderson and C. Yu and T. Summers},
   journal      = {Australian Control Conference (AUCC), 2011},
   pages        = {44--49},
   year         = {2011},
   organization = {IEEE}
}
%
@article{summers_yu_anderson_dagsputa_2009,
   title        = {{F}ormation {S}hape {C}ontrol: {G}lobal {A}symptotic {S}tability of a {F}our-{A}gent {F}ormation},
   author       = {T. Summers and C. Yu and B. Anderson and S. Dasgupta},
   journal      = {48th IEEE Conference on Decision and Control (CDC)},
   pages        = {3002--3007},
   year         = {2009},
   organization = {IEEE}
}
%
@article{belabbas2012robustness,
   title        = {{R}obustness {I}ssues with {U}ndirected {F}ormations},
   author       = {A. Belabbas and S. Mou and S. Morse and B. Anderson},
   journal      = {51st IEEE Conference on Decision and Control (CDC)},
   pages        = {1445--1450},
   year         = {2012},
   organization = {IEEE}
}
%
@article{hendrickx_anderson_delvenne_blondel_2007,
   title        = {{D}irected {G}raphs for the {A}nalysis of {R}igidity and {P}ersistence in {A}utonomous {A}gent {S}ystems},
   author       = {J. Hendrickx and B. Anderson and J. Delvenne and V. Blondel},
   journal      = {International Journal of Robust and Nonlinear Control (IJRNC)},
   volume       = {17},
   number       = {10-11},
   pages        = {960--981},
   year         = {2007},
   publisher    = {Wiley Online Library}
}
%
@article{summers_yu_dagsputa_anderson_2011_tac,
   title        = {{C}ontrol of {M}inimally {P}ersistent {L}eader-{R}emote-{F}ollower and {C}oleader {F}ormations in the {P}lane},
   author       = {T. Summers and C. Yu, Changbin and S. Dasgupta and B. Anderson},
   journal      = {IEEE Transactions on Automatic Control (TAC)},
   volume       = {56},
   number       = {12},
   pages        = {2778--2792},
   year         = {2011},
   publisher    = {IEEE}
}
%
@article{yu_anderson_dagsputa_fidan_2009,
   title        = {{C}ontrol of {M}inimally {P}ersistent {F}ormations in the {P}lane},
   author       = {C. Yu and B. Anderson and S. Dasgupta and B. Fidan},
   journal      = {SIAM Journal on Control and Optimization},
   volume       = {48},
   number       = {1},
   pages        = {206--233},
   year         = {2009},
   publisher    = {SIAM}
}
%
@article{anderson-yu-dasgupta-morse_2007,
   title        = {{C}ontrol of a {T}hree-{C}oleader {F}ormation in the {P}lane},
   author       = {B. Anderson and C. Yu and S. Dasgupta and S. Morse},
   journal      = {Systems and Control Letters},
   volume       = {56},
   number       = {9},
   pages        = {573--578},
   year         = {2007},
   publisher    = {Elsevier}
}
%
@article{park_oh_ahn_2012_gradient,
   title        = {{M}odified {G}radient {C}ontrol for {A}cyclic {M}inimally {P}ersistent {F}ormations to {E}scape from {C}ollinear {P}osition},
   author       = {M. Park and K. Oh and H. Ahn},
   journal      = {51st IEEE Conference on Decision and Control (CDC)},
   pages        = {1423--1427},
   year         = {2012},
   organization = {IEEE}
}
%
@article{belabbas_2011,
   title        = {{O}n {G}lobal {F}eedback {S}tabilization of {D}ecentralized {F}ormation {C}ontrol},
   author       = {M. Belabbas},
   journal      = {50th IEEE Conference on Decision and Control (CDC)},
   pages        = {5750--5755},
   year         = {2011},
   organization = {IEEE}
}
%
@inproceedings{smith_broucke_francis_2006,
   title        = {{S}tabilizing a {M}ulti-{A}gent {S}ystem to an {E}quilateral {P}olygon {F}ormation},
   author       = {S. Smith and Broucke, Mireille E and Francis, Bruce A},
   journal      = {17th International Symposium on Mathematical Theory of Networks and Systems},
   pages        = {2415--2424},
   year         = {2006}
}
%
@article{babis_2014_formation,
   title        = {{R}obust {M}odel-{F}ree {F}ormation {C}ontrol with {P}rescribed {P}erformance and {C}onnectivity {M}aintenance for {N}onlinear {M}ulti-{A}gent {S}ystems},
   author       = {C. Bechlioulis and K. Kyriakopoulos},
   journal      = {53rd IEEE Conference on Decision and Control (CDC)},
   pages        = {4509--4514},
   year         = {2014},
   organization = {IEEE}
}
%
@article{olfati_murray_2002,
   title        = {{D}istributed {C}ooperative {C}ontrol of {M}ultiple {V}ehicle {F}ormations using {S}tructural {P}otential {F}unctions},
   author       = {R. Olfati-Saber and R. Murray},
   journal      = {15th World Congress of the International Federation of Automatic Control (IFAC WC)},
   volume       = {15},
   number       = {1},
   pages        = {242--248},
   year         = {2002},
   organization = {Citeseer}
}
%
@article{anderson_yu_fidan_hendrickx_2008,
   author  = {B. Anderson and C. Yu and B. Fidan and J. Hendrickx},
   title   = {{R}igid {G}raph {C}ontrol {A}rchitectures for {A}utonomous {F}ormations},
   journal = {IEEE Control Systems},
   year    = {2008},
   volume  = {28},
   pages   = {48-63},
}
%
@article{sontag_2013_mathematical,
   title     = {{M}athematical {C}ontrol {T}heory: {D}eterministic {F}inite {D}imensional {S}ystems},
   author    = {E. Sontag},
   volume    = {6},
   year      = {2013},
   journal   = {Springer Science and Business Media}
}
%
@article{bechlioulis_tac_2008,
   title     = {{R}obust {A}daptive {C}ontrol of {F}eedback {L}inearizable {MIMO} {N}onlinear {S}ystems with {P}rescribed {P}erformance},
   author    = {C. Bechlioulis and G. Rovithakis},
   journal   = {IEEE Transactions on Automatic Control (TAC)},
   volume    = {53},
   number    = {9},
   pages     = {2090--2099},
   year      = {2008},
   publisher = {IEEE}
}
%
@article{park_jeong_ahn_2013,
   title        = {Control of undirected four-agent formations in 3-dimensional space},
   author       = {M. Park and K. Jeong and H. Ahn},
   journal      = {52nd IEEE Conference on Decision and Control (CDC)},
   pages        = {1461--1465},
   year         = {2013},
   organization = {IEEE}
}

@article{dimarogonas2010analysis,
  title        = {{A}nalysis of {D}ecentralized {P}otential {F}ield {B}ased {M}ulti-{A}gent {N}avigation via {P}rimal-{D}ual {L}yapunov {T}heory},
  author       = {D. D. Dimarogonas and E. Frazzoli},
  journal      = {49th IEEE Conference on Decision and Control (CDC)},
  pages        = {1215--1220},
  year         = {2010},
  organization = {IEEE}
}

@article{kan2012network,
  title     = {{N}etwork {C}onnectivity {P}reserving {F}ormation {S}tabilization and {O}bstacle {A}voidance via a {D}ecentralized {C}ontroller},
  author    = {Z. Kan and A. Dani and J. M. Shea and W. E. Dixon},
  journal   = {IEEE Transactions on Automatic Control (TAC)},
  volume    = {57},
  number    = {7},
  pages     = {1827--1832},
  year      = {2012},
  publisher = {IEEE}
}
%
@article{de2006formation,
  title        = {{F}ormation {C}ontrol for a {C}ooperative {M}ulti-{A}gent {S}ystem {U}sing {D}ecentralized {N}avigation {F}unctions},
  author       = {D. Gennaro and M. Carmela and A. Jadbabaie},
  journal      = {American Control Conference (ACC)},
  year         = {2006},
  organization = {IEEE}
}
%
@article{tanner2012multiagent,
  title     = {{M}ulti-{A}gent {N}avigation {F}unctions {R}evisited},
  author    = {H. Tanner and A. Boddu},
  journal   = {IEEE Transactions on Robotics (TRO)},
  volume    = {28},
  number    = {6},
  pages     = {1346--1359},
  year      = {2012},
  publisher = {IEEE}
}
%
@article{do2012coordination,
   title     = {{C}oordination {C}ontrol of {M}ultiple {E}llipsoidal {A}gents with {C}ollision {A}voidance and {L}imited {S}ensing {R}anges},
   author    = {K. D. Do},
   journal   = {Systems and Control Letters},
   volume    = {61},
   number    = {1},
   pages     = {247--257},
   year      = {2012},
   publisher = {Elsevier}
}
@article{horn1994topics,
   title     = {{T}opics in {M}atrix {A}nalysis},
   author    = {R. Horn and C. Johnson},
   year      = {1994},
   journal   = {Cambridge University Press}
}
%
@article{horn_johnson_matrix_analysis,
   title     = {{M}atrix {A}nalysis},
   author    = {R. Horn and C. Johnson},
   series    = {Matrix Analysis},
   year      = {2012},
   journal   = {Cambridge University Press}
}
%
@article{zavlanos_2016_multi-agent_LTL,
   title        = {{A} {D}istributed {LTL}-{B}ased {A}pproach for {I}ntermittent {C}ommunication in {M}obile {R}obot {N}etworks},
   author       = {Y. Kantaros and M. Zavlanos},
   journal      = {American Control Conference (ACC)},
   pages        = {5557-5562},
   year         = {2016},
   organization = {American Automatic Control Council (AACC)}
}
%
@article{lin_2014_RTL_single_agent,
   title     = {{M}ission {A}ccomplished: {A}n {I}ntroduction to {F}ormal {M}ethods in {M}obile {R}obot {M}otion {P}lanning and {C}ontrol},
   author    = {Hai Lin},
   journal   = {Unmanned Systems},
   volume    = {2},
   number    = {02},
   pages     = {201--216},
   year      = {2014},
   publisher = {World Scientific}
}
%
@article{ren_beard_consensus,
   title     = {{C}onsensus {S}eeking in {M}ulti-{A}gent {S}ystems {U}nder {D}ynamically  {C}hanging {I}nteraction {T}opologies},
   author    = {W. Ren and R. Beard},
   journal   = {IEEE Transactions on Automatic Control (TAC)},
   volume    = {50},
   number    = {5},
   pages     = {655--661},
   year      = {2005}, 
   publisher = {IEEE}
}
%
@article{fainekos_girard_2009_temporal,
   title     = {{T}emporal {L}ogic {M}otion {P}lanning for {D}ynamic {R}obots},
   author    = {G. Fainekos and A. Girard and K.G. Hadas and G. Pappas},
   journal   = {Automatica},
   volume    = {45},
   number    = {2},
   pages     = {343--352},
   year      = {2009},
   publisher = {Elsevier}
}
%
@article{helwa2014block,
	title     = {{I}n-{B}lock {C}ontrollability of {A}ffine {S}ystems on {P}olytopes},
	author    = {M. Helwa and P. Caines},
	journal   = {53rd IEEE Conference on Decision and Control (CDC)},
	pages     = {3936--3942},
	year      = {2014},
	publisher = {IEEE}
}
%
@article{tabuada_2015_compositional,
   title        = {{O}n {C}ompositional {S}ymbolic {C}ontroller {S}ynthesis {I}nspired by {S}mall-{G}ain {T}heorems},
   author       = {Dallal, Eric and Tabuada, Paulo},
   journal      = {54th IEEE Conference on Decision and Control (CDC)},
   pages        = {6133--6138},
   year         = {2015},
   organization = {IEEE}
}

%
@article{fiedler1973algebraic,
   title     = {{A}lgebraic {C}onnectivity of {G}raphs},
   author    = {M. Fiedler, Miroslav},
   journal   = {Czechoslovak Mathematical Journal},
   volume    = {23},
   number    = {2},
   pages     = {298--305},
   year      = {1973},
   publisher = {Institute of Mathematics, Academy of Sciences of the Czech Republic},
}
%
@article{shi2013robust,
   title     = {{R}obust {C}onsensus for {C}ontinuous-{T}ime {M}ulti-{A}gent {D}ynamics},
   author    = {G. Shi and K. Johansson},
   journal   = {SIAM Journal on Control and Optimization},
   volume    = {51},
   number    = {5},
   pages     = {3673--3691},
   year      = {2013},
   publisher = {SIAM}
}
%
@article{muray_2010_receding,
   title     = {{R}eceding {H}orizon {C}ontrol for {T}emporal {L}ogic {S}pecifications},
   author    = {T. Wongpiromsarn and U. Topcu and R. Murray},
   journal   = {13th ACM International Conference on Hybrid Systems: Computation and Control (HSCC)},
   pages     = {101--110},
   year      = {2010},
   publisher = {ACM}
}
%
@article{habets_2006_reachability,
	title={{R}eachability and {C}ontrol {S}ynthesis for {P}iecewise-{A}ffine {H}ybrid {S}ystems on {S}implices},
	author={L. Habets and P. Collins and V. Schuppen},
	journal={IEEE Transactions on Automatic Control (TAC)},
	volume={51},
	number={6},
	pages={938--948},
	year={2006},
	publisher={IEEE}
}
%
@article{tazaki2008bisimilar,
   title     = {{B}isimilar {F}inite {A}bstractions of {I}nterconnected {S}ystems},
   author    = {Y. Tazaki and J. Imura},
   journal   = {Hybrid Systems: Computation and Control (HCSS)},
   pages     = {514--527},
   year      = {2008},
   publisher = {Springer}
}
%
@article{sastry1997hybrid,
   title     = {{H}ybrid {S}ystems with {F}inite {B}isimulations},
   author    = {G. Lafferriere and G. Pappas and S. Sastry},
   year      = {1997},
   journal   = {Springer}
}
%
@article{tarraf_2015_abstractions,
   title     = {On existence and construction of {F}inite {U}niform {B}isimulations for {L}inear {S}ystems with {F}inite {I}nput {A}lphabets},
   author    = {D. Fan and D. Tarraf},
   journal   = {54th IEEE Conference on Decision and Control (CDC)},
   year      = {2015},
   pages     = {934-941},
   publisher = {IEEE}
}
%
@article{zamani_2012_symbolic,
	title     = {{S}ymbolic {M}odels for {N}onlinear {C}ontrol {S}ystems without {S}tability {A}ssumptions},
	author    = {M. Zamani and G. Pola and M. Mazo and P. Tabuada},
	journal   = {IEEE Transactions on Automatic Control (TAC)},
	volume    = {57},
	number    = {7},
	year      = {2012},
	publisher = {IEEE}
}
%
@article{pola_2008_approximately-bisimilar_systems,
   title     = {{A}pproximately {B}isimilar {S}ymbolic {M}odels for {N}onlinear control systems},
   author    = {G. Pola and A. Girard and P. Tabuada},
   journal   = {Automatica},
   volume    = {44},
   number    = {10},
   pages     = {2508--2516},
   year      = {2008},
   publisher = {Elsevier}
}
%
@article{reissig_2011_computing,
	title={{C}omputing {A}bstractions of {N}onlinear {S}ystems},
	author={G. Reissig},
	journal={IEEE Transactions on Automatic Control (TAC)},
	volume={56},
	number={11},
	year={2011}
}
%
@article{girard_2007_approximation,
   title     = {{A}pproximation {M}etrics for {D}iscrete and {C}ontinuous {S}ystems},
   author    = {A. Girard and G. Pappas},
   journal   = {IEEE Transactions on Automatic Control (TAC)},
   volume    = {52},
   number    = {5},
   pages     = {782--798},
   year      = {2007},
   publisher = {IEEE}
}
%
@article{pappas_2003_bisimilar_systems,
   title     = {{B}isimilar {L}inear {S}ystems},
   author    = {G. J. Pappas},
   journal   = {Automatica},
   volume    = {39},
   number    = {12},
   pages     = {2035--2047},
   year      = {2003},
   publisher = {Elsevier}
}

@article{liu_2016_abstraction,
   title     = {{F}inite {A}bstractions {W}ith {R}obustness {M}argins for {T}emporal {L}ogic-{B}ased {C}ontrol {S}ynthesis},
   author    = {J. Liu and N. Ozay},
   journal   = {Nonlinear Analysis: Hybrid Systems},
   volume    = {22},
   pages     = {1--15},
   year      = {2016},
   publisher = {Elsevier}
}
%
@article{liu_2014_abstraction,
   title     = {{A}bstraction, {D}iscretization, and {R}obustness in {T}emporal {L}ogic {C}ontrol of {D}ynamical {S}ystems},
   author    = {J. Liu, Jun and N. Ozay},
   journal   = {17th International Conference on Hybrid Systems: Computation and Control (HSCC)},
   pages     = {293--302},
   year      = {2014},
   publisher = {ACM}
}
%
@article{caines_1995_hierarchical_lattices,
   title     = {{T}he {H}ierarchical {L}attices of a {F}inite {M}achine},
   author    = {P. Caines and Y. Wei},
   journal   = {Systems and Control Letters},
   volume    = {25},
   number    = {4},
   pages     = {257--263},
   year      = {1995},
   publisher = {Elsevier}
}
%
@article{belta_2013_time-constraints,
	title   = {{T}ime-{C}onstrained {T}emporal {L}ogic {C}ontrol of {M}ulti-{A}ffine {S}ystems},
	author  = {E. A. Gol and C. Belta},
	journal = {Nonlinear Analysis: Hybrid Systems},
	year    = {2013}
}
%
@article{belta_2004_abstraction,
   title     = {{A}bstraction and {C}ontrol for {G}roups of {R}obots},
   author    = {C. Belta and V. Kumar},
   journal   = {IEEE Transactions on Robotics (TRO)},
   volume    = {20},
   number    = {5},
   pages     = {865--875},
   year      = {2004},
   publisher = {IEEE}
}
%
@article{alur_2006_predicate,
   title     = {{P}redicate {A}bstraction for {R}eachability {A}nalysis of {H}ybrid {S}ystems},
   author    = {R. Alur and T. Dang and F. Ivan{\v{c}}i{\'c}},
   journal   = {ACM Transactions on Embedded Computing Systems (TECS)},
   volume    = {5},
   number    = {1},
   pages     = {152--199},
   year      = {2006},
   publisher = {ACM}
}

%
@article{pola_2016_symbolic,
	author  = {G. Pola and P. Pepe and M. D. Di Benedetto},
	title   = {{S}ymbolic {M}odels for {N}etworks of {C}ontrol {S}ystems},
	journal = {IEEE Transactions on Automatic Control (TAC)},
	year    = {2016}
}
%
@article{tiwari_2008_abstractions,
   title     = {{A}bstractions for {H}ybrid {S}ystems},
   author    = {A. Tiwari},
   journal   = {Formal Methods in System Design},
   volume    = {32},
   number    = {1},
   pages     = {57--83},
   year      = {2008},
   publisher = {Springer}
}
%
@article{borri_2012,
	title   = {{A} {S}ymbolic {S}pproach to the {D}esign of {N}onlinear {N}etworked {C}ontrol {S}ystems},
	author  = {A. Borri and G. Pola and M. Benedetto},
	journal = {15th International Conference on Hybrid Systems: Computation and Control (HSCC)},
	year    = {2012},
}
%
@article{belta_2006_control_rectangles,
   title     = {{C}ontrolling a {C}lass of {N}onlinear {S}ystems on {R}ectangles},
   author    = {C. Belta and L. Habets, C. Luc},
   journal   = {IEEE Transactions on Automatic Control (TAC)},
   volume    = {51},
   number    = {11},
   pages     = {1749--1759},
   year      = {2006},
   publisher = {IEEE}
}
%
@article{abate_2014_finite_abstractions,
   title     = {{F}inite {A}bstractions of {N}etworked {C}ontrol {S}ystems},
   author    = {M. Zamani and M. Mazo and A. Abate},
   journal   = {53rd IEEE Conference on Decision and Control (CDC)},
   pages     = {95--100},
   year      = {2014},
   publisher = {IEEE}
}
%
@article{fainekos_mtl_2015_robot,
   title    = {{P}lanning in {D}ynamic {E}nvironments {T}hrough {T}emporal {L}ogic {M}onitoring},
   author   = {B. Hoxha and G. Fainekos},
   year     = {2016}
}
%
@article{alex_2016_acc,
   title     = {{C}ooperative {T}ask {P}lanning of {M}ulti-{A}gent {S}ystems {U}nder {T}imed {T}emporal {S}pecifications},
   author    = {A. Nikou and J. Tumova and D. Dimarogonas },
   journal   = {American Control Conference (ACC)},
   year      = {2016},
   pages     = {13-19},
   publisher = {IEEE}
}
%
@article{topcu_2015,
   title      = {{C}omputational {M}ethods for {S}tochastic {C}ontrol with {M}etric {I}nterval {T}emporal {L}ogic {S}pecifications},
   author     = {J. Fu and U. Topcu},
   journal    = {54th IEEE Conference on Decision and Control (CDC)},
   year       = {2015},
   pages      = {7440-7447},
   publisher  = {IEEE}
}
%
@article{liberzon_switching,
	title     = {{S}witching in {S}ystems and {S}ontrol},
	author    = {D. Liberzon},
	year      = {2012},
	journal   = {Springer Science and Business Media}
}
%
@article{lavretsky_adaptive,
	title     = {{R}obust and {A}daptive {C}ontrol: {W}ith {A}erospace {A}pplications},
	author    = {E. Lavretsky and K. Wise},
	year      = {2012},
	journal   = {Springer Science and Business Media}
}
%
@article{khalil_nonlinear_systems,
   title      = {{N}onlinear {S}ystems},
   author     = {H. K. Khalil},
   series     = {Pearson Education},
   year       = {2002},
   journal    = {Prentice Hall}
}
%
@article{boskos_cdc_connectivity,
	title     = {{R}obust {C}onnectivity {A}nalysis for {M}ulti-{A}gent {S}ystems},
	author    = {D. Boskos and D. Dimarogonas},
   journal   = {54th IEEE Conference on Decision and Control (CDC)},
   year      = {2015},
   pages     = {6767-6772},
   publisher = {IEEE}
}
%
@article{boskos_cdc_2015,
   title     = {{D}ecentralized {A}bstractions {F}or {M}ulti-{A}gent {S}ystems {U}nder {C}oupled {C}onstraints},
   author    = {D. Boskos and D. Dimarogonas},
   journal   = {54th IEEE Conference on Decision and Control (CDC)},
   year      = {2015},
   pages     = {282-287},
   publisher = {IEEE}
}
%
@journal{biggs_1993_algebraic,
  title   = {{A}lgebraic {G}raph {T}heory},
  author  = {N. Biggs},
  year    = {1993},
  journal = {Cambridge university press}
}
%
@article{aghdam_2010_connectivity,
   title     = {A {C}lass of {B}ounded {D}istributed {C}ontrol {S}trategies for {C}onnectivity {P}reservation in {M}ulti-{A}gent {S}ystems},
   author    = {A. Ajorlou and A. Momeni and A. G. Aghdam},
   journal   = {IEEE Transactions on Automatic Control (TAC)},
   volume    = {55},
   number    = {12},
   pages     = {2828--2833},
   year      = {2010},
}
%
@article{zavlanos_2008_distributed,
   title     = {{D}istributed {C}onnectivity {C}ontrol of {M}obile {N}etworks},
   author    = {M. Zavlanos and G. Pappas},
   journal   = {IEEE Transactions on Robotics (TRO)},
   volume    = {24},
   number    = {6},
   pages     = {1416--1428},
   year      = {2008},
   publisher = {IEEE}
}
%
@article{dimos_2008_connect_swarm,
  title     = {{C}onnectedness {P}reserving {D}istributed {S}warm {A}ggregation for {M}ultiple {K}inematic {R}obots},
  author    = {D. Dimarogonas and K. Kyriakopoulos},
  journal   = {IEEE Transactions on Robotics (TRO)},
  volume    = {24},
  number    = {5},
  pages     = {1213--1223},
  year      = {2008},
}
%
@article{dimos_2008_connectivity,
  title     = {Decentralized connectivity maintenance in mobile networks with bounded inputs},
  author    = {D. Dimarogonas and K. H. Johansson},
  journal   = {IEEE International Conference on Robotics and Automation (ICRA)},
  pages     = {1507--1512},
  year      = {2008},
}
%
@article{egerstedt_2007,
  title     = {Distributed Coordination Control of Multi-Agent Systems While Preserving Connectedness.},
  author    = {M. Ji and M. Egerstedt},
  journal   = {IEEE Transactions on Robotics (TrO)},
  volume    = {23},
  number    = {4},
  year      = {2007},
  publisher = {Georgia Institute of Technology}
}
%
@article{zavlanos_2007_potential,
   title     = {Potential fields for maintaining connectivity of mobile networks},
   author    = {M. Zavlanos and G. J. Pappas},
   journal   = {IEEE Transactions on Robotics (TRO)},
   volume    = {23},
   number    = {4},
   pages     = {812--816},
   year      = {2007},
}
%
@article{zavlanos_2005_connectivity,
   title     = {Controlling connectivity of dynamic graphs},
   author    = {M. Zavlanos and G. J. Pappas},
   journal   = {IEEE Conference on Decision and Control (CDC)},
   pages     = {6388--6393},
   year      = {2005},
}
%
@article{murray_2003_consensus,
   title     = {{C}onsensus {P}rotocols for {N}etworks of {D}ynamic {A}gents},
   author    = {R. O. Saber and R. Murray},
   journal   = {IEEE American Control Conference (ACC)},
   year      = {2003}
}
%
@article{godsil2001,
  title      = {{A}lgebraic {G}raph {T}heory},
  author     = {C. Godsil and G. Royle},
  volume     = {207},
  year       = {2001},
  journal    = {Springer New York}
}
%
@article{mesbahi_2010_graph_theory,
   author    = {M. Mesbahi and M. Egerstedt},
   title     = {{G}raph {T}heoretic {M}ethods in {M}ultiagent {N}etworks},
   year      = {2010},
   journal   = {Princeton University Press}
}
%
@article{murray2013,
   author    = {T. Wongpiromsarn and U. Topcu and R. Murray},
   title     = {Synthesis of control protocols for autonomous systems},
   journal   = {Unmanned Systems},
   volume    = {1},
   number    = {01},
   pages     = {21--39},
   year      = {2013},
   publisher = {World Scientific}
}
%
%
@article{tripakis_tba,
   author    = {S. Tripakis},
   title     = {{C}hecking {T}imed {B}uchi {A}utomata {E}mptiness on {S}imulation {G}raphs},
   journal   = {ACM Transactions on Computational Logic (TOCL)},
   volume    = {10},
   number    = {3},
   year      = {2009},
   publisher = {ACM},
} 
%
@incollection{vardi_algorithm,
   title     = {{M}emory-{E}fficient {A}lgorithms for the {V}erification of {T}emporal {P}roperties},
   author    = {C. Courcoubetis and M. Vardi and P. Wolper and M. Yannakakis},   
   journal   = {Computer-Aided Verification},
   pages     = {129-142},
   publisher = {Springer US},
   year      = {1993},
}
%
@article{dimos_rendezvous_problem,
   title     = {{O}n the {R}endezvous {P}roblem for {M}ultiple {N}onholonomic {A}gents},
   author    = {D. Dimarogonas and K. Kyriakopoulos},
   journal   = {IEEE Transactions on Automatic Control (TAC)},
   volume    = {52},
   number    = {5},
   pages     = {916--922},
   year      = {2007},
   publisher = {IEEE}
}
%
@article{alur_2000_discrete_abstractions,
   title     = {{D}iscrete {A}bstractions of {H}ybrid {S}ystems},
   author    = {R. Alur and T. Henzinger and G. Lafferriere and G. Pappas},
   journal   = {Proceedings of the IEEE},
   volume    = {88},
   number    = {7},
   pages     = {971--984},
   year      = {2000},
   publisher = {IEEE}
}

%
@article{girard_approximation,
   title     = {{A}pproximation {M}etrics for {D}iscrete and {C}ontinuous {S}ystems},
   author    = {A. Girard and G. J. Pappas},
   journal   = {IEEE Transactions on Automatic Control (TAC)},
   volume    = {52},
   number    = {5},
   pages     = {782--798},
   year      = {2007},
   publisher = {IEEE}
}
%
@article{tanner_flocking,
   title     = {{F}locking in {F}ixed and {S}witching {N}etworks},
   author    = {H. Tanner and A. Jadbabaie and G. Pappas},
   journal   = {IEEE Transactions on Automatic Control (TAC)},
   volume    = {52},
   number    = {5},
   pages     = {863--868},
   year      = {2007},
   publisher = {IEEE}
}
%
@article{egerstedt_formation,
   author    = {M. Egerstedt and X. Hu},
   title     = {{F}ormation {C}onstrained {M}ulti-{A}gent {C}ontrol},
   journal   = {IEEE Transactions on Robotics and Automation},
   volume    = {17},
   number    = {6},
   pages     = {947-951},
   year      = {2001},
   publisher = {IEEE}
}
%
@article{jadbabaie_morse_coordination,
   title     = {{C}oordination of {G}roups of {M}obile {A}utonomous {A}gents {U}sing {N}earest {N}eighbor {R}ules},
   author    = {A. Jadbabaie and J. Lin and S. Morse},
   journal   = {IEEE Transactions on Automatic Control (TAC)},
   volume    = {48},
   number    = {6},
   pages     = {988--1001},
   year      = {2003},
   publisher = {IEEE}
}
%
@article{olfati_murray_concensus,
   title     = {{C}onsensus {P}roblems in {N}etworks of {A}gents with {S}witching {T}opology and {T}ime-{D}elays},
   author    = {R. Olfati-Saber and R. Murray},
   journal   = {IEEE Transactions on Automatic Control},
   volume    = {49},
   number    = {9},
   pages     = {1520--1533},
   year      = {2004},
   publisher = {IEEE}
}
%
@article{uppal,
   title     = {{UPPAAL} in a {N}utshell},
   author    = {K. Larsen and P. Pettersson and W. Yi},
   journal   = {International Journal on Software Tools for Technology Transfer},
   volume    = {1},
   number    = {1},
   pages     = {134--152},
   year      = {1997},
   publisher = {Springer}
}
%
@article{tabuada_book_verification,
   title     = {{V}erification and {C}ontrol of {H}ybrid {S}ystems: a {S}ymbolic {A}pproach},
   author    = {P. Tabuada},
   year      = {2009},
   journal = {Springer Science and Business Media}
}
%
@article{baras_MTL,
   title        = {{O}ptimal {M}ission {P}lanner with {T}imed {T}emporal {L}ogic {C}onstraints},
   author       = {Y. Zhou and D. Maity and J. S. Baras},
   journal      = {European Control Conference (ECC)},
   pages        = {759--764},
   year         = {2015},
   organization = {IEEE}
}
%
@article{baras_MTL_2016_new,
	title     = {{T}imed {A}utomata {A}pproach for {M}otion {P}lanning {U}sing {M}etric {I}nterval {T}emporal {L}ogic},
	author    = {Y. Zhou and D. Maity and John S. Baras},
	journal   = {European Control Conference (ECC)},
	year      = {2016},
	publisher = {IEEE}
}
%
@article{murray_2015_stl,
   title     = {{R}eactive {S}ynthesis from {S}ignal {T}emporal {L}ogic {S}pecifications},
   author    = {V. Raman and A. Donz{\'e} and D. Sadigh and R. Murray and S. Seshia},
   journal   = {18th International Conference on Hybrid Systems: Computation and Control (HSCC)},
   pages     = {239--248},
   year      = {2015},
   publisher = {ACM}
}
%
@article{frazzoli_MTL,
   title     = {{V}ehicle {R}outing {P}roblem with {M}etric {T}emporal {L}ogic {S}pecifications},
   author    = {S. Karaman and E. Frazzoli},
   journal   = {47th IEEE Conference on Decision and Control (CDC 2008)},
   pages     = {3953--3958},
   year      = {2008},
   publisher = {IEEE}
}
%
@article{frazzoli_vehicle_routing,
   title     = {{L}inear {T}emporal {L}ogic {V}ehicle {R}outing with {A}pplications to {M}ulti-{UAV} {M}ission {P}lanning},
   author    = {S. Karaman and E. Frazzoli},
   journal   = {International Journal of Robust and Nonlinear Control},
   volume    = {21},
   number    = {12},
   pages     = {1372--1395},
   year      = {2011},
   publisher = {Wiley Online Library}
}
%
@article{guo_2015_reconfiguration,
   title     = {{M}ulti-{A}gent {P}lan {R}econfiguration {U}nder {L}ocal {LTL} {S}pecifications},
   author    = {M. Guo and D. Dimarogonas},
   journal   = {The International Journal of Robotics Research (IJRR)},
   volume    = {34},
   number    = {2},
   pages     = {218--235},
   year      = {2015},
   publisher = {IEEE}
}
%
@article{loizou_2004,
   title     = {{A}utomatic {S}ynthesis of {M}ulti-{A}gent {M}otion {T}asks {B}ased on {LTL} {S}pecifications},
   author    = {S. Loizou and K. Kyriakopoulos},
   journal   = {43rd IEEE Conference on Decision and Control (CDC)},
   volume    = {1},
   pages     = {153--158},
   year      = {2004},
   publisher = {IEEE}
}

%
@article{fainekos_planning,
   title     = {{T}emporal-{L}ogic-{B}ased {R}eactive {M}ission and {M}otion {P}lanning},
   author    = {H. Kress-Gazit and G. Fainekos and G. Pappas},
   journal   = {IEEE Transactions on Robotics (TRO)},
   volume    = {25},
   number    = {6},
   pages     = {1370--1381},
   year      = {2009},
   publisher = {IEEE}
}

%
@article{vardi_2011_planning,
   title     = {{M}otion {P}lanning with {C}omplex {G}oals},
   author    = {A. Bhatia and M. Maly and L. Kavraki and M. Vardi},
   journal   = {IEEE Robotics and Automation Magazine},
   volume    = {18},
   number    = {3},
   pages     = {55--64},
   year      = {2011},
   publisher = {IEEE}
}
%
@article{belta_optimality,
   title     = {{O}ptimality and {R}obustness in {M}ulti-{R}obot {P}ath {P}lanning with {T}emporal {L}ogic {C}onstraints},
   author    = {A. Ulusoy and S. Smith and X. Ding and C. Belta and D. Rus},
   journal   = {The International Journal of Robotics Research},
   volume    = {32},
   number    = {8},
   pages     = {889--911},
   year      = {2013},
   publisher = {SAGE Publications}
}
%
@article{quottrup_timed_automata,
   title     = {{M}ulti-{R}obot {P}lanning: {A} {T}imed {A}utomata {A}pproach},
   author    = {M. Quottrup and T. Bak and R. Zamanabadi},
   journal   = {IEEE International Conference on Robotics and Automation (ICRA 2004)},
   volume    = {5},
   pages     = {4417--4422},
   year      = {2004},
   publisher = {IEEE}
}
%
@article{liu_MTL,
   title     = {{S}witching {C}ontrol of {D}ynamical {S}ystems from {M}etric {T}emporal {L}ogic {S}pecifications},
   author    = {J. Liu and P. Prabhakar},
   journal   = {IEEE International Conference on Robotics and Automation (ICRA)},
   pages     = {5333--5338},
   year      = {2014},
   publisher = {IEEE}
}
%
@article{rungger_compositional_abstractions_2015,
   title     = {{C}ompositional {C}onstruction of {A}pproximate {A}bstractions},
   author    = {M. Rungger and M. Zamani},
   journal   = {18th International Conference on Hybrid Systems: Computation and Control (HSCC 2015)},
   pages     = {68--77},
   year      = {2015},
   publisher = {ACM}
}
%
@article{muller_alternating_automata,
   title     = {{A}lternating {A}utomata on {I}nfinite {T}rees},
   author    = {D. Muller and P. Schupp},
   journal   = {Theoretical Computer Science},
   volume    = {54},
   number    = {2},
   pages     = {267--276},
   year      = {1987},
   publisher = {Elsevier}
}
%
@article{vardi_alternating_automata,
   title     = {{A}n {A}utomata-{T}heoretic {A}pproach to {L}inear {T}emporal {L}ogic},
   author    = {M. Vardi},
   journal   = {Logics for concurrency},
   pages     = {238--266},
   year      = {1996},
   publisher = {Springer}
}
%
@article{MITL_ata,
   title     = {{O}n {MITL} and {A}lternating {T}imed {A}utomata},
   author    = {T. Brihaye and M. Estiévenart and G. Geeraerts},
   journal   = {FMATS},
   volume    = {8053},
   pages     = {47-61},
   year      = {2013},
   publisher = {Springer Berlin Heidelberg},
}

%
@article{bersani_MITL,
   title     = {{D}eciding the {S}atisfiability of {MITL} {S}pecifications},
   author    = {M. Bersani and M. Rossi and S. P. Pietro},
   journal   = {arXiv preprint arXiv:1307.4469},
   year      = {2013}
}
%
@article{reynold,
   title     = {{M}etric {T}emporal {L}ogics and {D}eterministic {T}imed {A}utomata},
   author    = {M. Reynolds},
   year      = {2010}
}

%
@article{bersani,
   title     = {{A} {T}ool for {D}eciding the {S}atisfiability of {C}ontinuous - {T}ime {M}etric {T}emporal {L}ogic},
   author    = {M. Bersani and M. Rossi and P. S. Pietro},
   journal   = {20th International Symposium on Temporal Representation and Reasoning (TIME)},
   pages     = {99--106},
   year      = {2013},
   publisher = {IEEE}
}
%
@article{maler_MITL_TA,
   title      = {{F}rom {MITL} to {T}imed {A}utomata},
   author     = {O. Maler and D. Nickovic and A. Pnueli},
   journal    = {International Conference on Formal Modeling and Analysis of Timed Systems},
   pages      = {274--289},
   year       = {2006},
   publisher  = {Springer}
}
%
@article{jana_degradation,
   title      = {{T}imed {A}utomata {A}pproach to {V}erification of {S}ystems with {D}egradation},
   author     = {J. Barnat and I. Cerna and J. Tumova},
   journal  = {Mathematical and Engineering Methods in Computer Science},
   pages      = {84--93},
   year       = {2012},
   publisher  = {Springer}
}
%
@article{alur_mitl,
	title      = {{T}he {B}enefits of {R}elaxing {P}unctuality},
	author     = {R. Alur and T. Feder and T. A. Henzinger},
	journal    = {Journal of the ACM (JACM)},
	volume     = {43},
	number     = {1},
	pages      = {116--146},
	year       = {1996},
	publisher  = {ACM}
}
%
@article{nickovic_timed_aut,
   title      = {{F}rom {MTL} to {D}eterministic {T}imed {A}utomata},
   author     = {D. Ni{\v{c}}kovi{\'c} and N. Piterman},
   journal    = {Formal Modeling and Analysis of Timed Systems},
   year       = {2010},
}
%
@article{quaknine_decidability,
   title     = {{O}n the {D}ecidability of {M}etric {T}emporal {L}ogic},
   author    = {J. Ouaknine and J. Worrell},
   journal   = {20th Annual IEEE Symposium on Logic in Computer Science (LICS)},
   pages     = {188--197},
   year      = {2005},
   publisher = {IEEE}
}
%
@article{pavithra_expressiveness,
   title     = {{O}n the {E}xpressiveness of {MTL} in the {P}ointwise and {C}ontinuous {S}emantics},
   author    = {D. D. Souza and P. Prabhakar},
   journal   = {International Journal on Software Tools for Technology Transfer},
   volume    = {9},
   number    = {1},
   pages     = {1--4},
   year      = {2007},
   publisher = {Springer},
}
%
@article{lasota,
   title     = {{A}lternating {T}imed {A}utomata},
   author    = {S. Lasota and I. Walukiewicz},
   journal   = {ACM Transactions on Computational Logic (TOCL)},
   volume    = {9},
   number    = {2},
   pages     = {10},
   year      = {2008},
   publisher = {ACM}
}
%
@article{quottrup_timed_automata,
   title     = {{M}ulti-{R}obot {P}lanning: {A} {T}imed {A}utomata {A}pproach},
   author    = {M. Quottrup and T. Bak and R. Zamanabadi},
   journal   = {IEEE International Conference on Robotics and Automation (ICRA)},
   volume    = {5},
   pages     = {4417--4422},
   year      = {2004},
   publisher = {IEEE}
}
%
@article{belta_cdc_reduced_communication,
   title     = {{M}ulti-{R}obot {D}eployment from {LTL} {S}pecifications with {R}educed {C}ommunication},
   author    = {M. Kloetzer and X. C. Ding and C. Belta},
   journal   = {50th IEEE Conference on Decision and Control (CDC)},
   pages     = {4867--4872},
   year      = {2011},
   publisher = {IEEE}
}
%
@article{belta_2010_product_system,
   title     = {{A}utomatic {D}eployment of {D}istributed {T}eams of {R}obots {F}rom {T}emporal {M}otion {S}pecifications},
   author    = {M. Kloetzer and C. Belta},
   journal   = {IEEE Transactions on Robotics (TRO)},
   volume    = {26},
   number    = {1},
   pages     = {48--61},
   year      = {2010},
   publisher = {IEEE}
}
%
@article{koymans_MTL,
   title     = {{S}pecifying {R}eal-{T}ime {P}roperties with {M}etric {T}emporal {L}ogic},
   author    = {R. Koymans},
   journal   = {Real-time systems},
   volume    = {2},
   number    = {4},
   pages     = {255--299},
   year      = {1990},
   publisher = {Springer}
}
%
@article{maler_interleaving,
   title     = {{O}n {I}nterleaving in {T}imed {A}utomata},
   author    = {R. Salah and M. Bozga and O. Maler},
   journal   = {CONCUR 2006--Concurrency Theory},
   pages     = {465--476},
   year      = {2006},
   publisher = {Springer}
}
%
@article{alur1994,
   title     = {{A} {T}heory of {T}imed {A}utomata},
   author    = {R. Alur and D.L. Dill},
   journal   = {Theoretical Computer Science},
   volume    = {126},
   number    = {2},
   pages     = {183--235},
   year      = {1994},
   publisher = {Elsevier}
}
%
@article{meng2013iros,
   author    = {M. Guo and K. Johansson and D. Dimarogonas},
   journal   = {IEEE/RSJ International Conference on Intelligent Robots and Systems (IROS)},
   title     = {{M}otion and {A}ction {P}lanning {U}nder LTL {S}pecifications {U}sing {N}avigation {F}unctions and {A}ction {D}escription {L}anguage},
   year      = {2013},
   month     = {Nov},
   pages     = {240-245},
   ISSN      = {2153-0858},}
%
@phdthesis{prajna2005,
   title     = {{O}ptimization-{B}ased {M}ethods for {N}onlinear and {H}ybrid {S}ystems {V}erification},
   author    = {Stephen Prajna},
   year      = {2005},
   school    = {California Institute of Technology}
}
%
@article{murray2013,
   title     = {Synthesis of control protocols for autonomous systems},
   author    = {T. Wongpiromsarn and U. Topcu and R. Murray},
   journal   = {Unmanned Systems},
   volume    = {1},
   number    = {01},
   pages     = {21--39},
   year      = {2013},
   publisher = {World Scientific}
}
%
@article{katoen,
   title     = {Principles of Model Checking},
   author    = {C. Baier and J.P. Katoen and K. G. Larsen},
   year      = {2008},
   journal   = {MIT Press}
}
%
